@inproceedings{RN1,
   author = {Valin, J. M. and Michaud, F. and Rouat, J. and Letourneau, D.},
   title = {Robust sound source localization using a microphone array on a mobile robot},
   booktitle = {Proceedings 2003 IEEE/RSJ International Conference on Intelligent Robots and Systems (IROS 2003) (Cat. No.03CH37453)},
   volume = {2},
   pages = {1228-1233 vol.2},
   DOI = {10.1109/IROS.2003.1248813},
   type = {Conference Proceedings}
}

